@online{Leakage,
  title = {Spectral leakage Sine},
  author = {Wikipedia: wdwd},
  url = {https://de.wikipedia.org/wiki/Datei:Spectral_leakage_Sine.svg},
  urldate = {2018-09-17},
}